%As vossas referências
%Sugestão: Organizar as referencias todas no Mendeley > Seleccionar todas as referencias > exportar (vai criar um .bib file).
%Depois ou substituem este ficheiro ou abrem esse .bib file com um notepad e copiam tudo o que lá está para aqui.
%Não se esqueçam que se substituirem o ficheiro (com um nome diferente) depois têm de alterar que ficheiro
%é que o "main.text" vai buscar como bibliografia. Ou seja, no main.tex façam ctrl+F e procurem "addbibresource",
%substituam "library.bib" pelo nome do vosso ficheiro .bib

%Ref exemplo
@misc{elsevier,
author={Elsevier},
title={How to write a journal article from a thesis: Elsevier Author Services},
url={https://scientific-publishing.webshop.elsevier.com/publication-process/how-to-write-a-journal-article-from-a-thesis/}, 
journal={Elsevier Author Services - Articles},
year={2021},
month={8}
}

%Ref exemplo 2
@article{fet_skaar_2006, title={Eco-labeling, Product Category Rules and Certification Procedures Based on ISO 14025 Requirements (6 pp)}, volume={11}, DOI={10.1065/lca2006.01.237}, number={1}, journal={The International Journal of Life Cycle Assessment}, author={Fet, Annik Magerholm and Skaar, Christofer}, year={2006}, pages={49–54}}